%% This BibTeX bibliography file was created using BibDesk.
%% http://bibdesk.sourceforge.net/


%% Created for Lauro Cesar Araujo at 2015-04-27 19:43:45 -0300 


%% Saved with string encoding Unicode (UTF-8) 



@book{rocha2003,
	Address = {Rio de Janeiro},
	Author = {Rocha, H. V. da and Baranauskas, M. C.},
	Date-Added = {2003-03-21 10:00:00 +0000},
	Date-Modified = {2003-03-21 10:00:00 +0000},
	Edition = {1},
	Organization = {https://www.nied.unicamp.br/biblioteca/design-e-avaliacao-de-interfaces-humano-computador/},
	Publisher = {Unicamp},
	Title = {Design e Avaliação de Interfaces Humano-Computador},
	Urlaccessdate = {9 ago 2019},
	Year = {2003}}

@book{aastha2013,
	Address = {Gorakhpur},
	Author = { Singh, A. and Sinha, S. and Priyadarshi, A.},
	Date-Added = {2013-03-21 10:00:00 +0000},
	Date-Modified = {2013-03-21 10:00:00 +0000},
	Edition = {1},
	Organization = {http://www.ijsrp.org/research-paper-0413.php?rp=P161081},
	Publisher = {Institute of Technology e Management,GIDA Gorakhpur },
	Title = {Compiler Construction},
	Urlaccessdate = {28 mar 2018},
	Year = {2013}}

@book{eduardo2010,
	Address = {Rio Grande do Sul},
	Author = { Bastos, E. and Freitas, J. },
	Date-Added = {2010-03-21 10:00:00 +0000},
	Date-Modified = {2010-03-21 10:00:00 +0000},
	Edition = {1},
	Organization = {https://wiki.python.org.br/InterpretadorCompiladorPython?action=AttachFile&do=get&target=PyVM.pdf},
	Publisher = {Universidade Catolica de Pelotas},
	Title = {Interpretador/Compilador Python},
	Urlaccessdate = {21 mar 2018},
	Year = {2010}}

@book{mahak2009,
	Address = {India},
	Author = { Jain, M. and Sehrawat, N. and Munsi, N.},
	Date-Added = {2014-03-21 10:00:00 +0000},
	Date-Modified = {2014-03-21 10:00:00 +0000},
	Edition = {1},
	Organization = {https://s3.amazonaws.com/academia.edu.documents/},
	Publisher = {Maharshi Dayanand University},
	Title = {Compiler Basic Design and Construction},
	Urlaccessdate = {20 mar 2018},
	Year = {2014}}

@book{juliano2009,
	Address = {Maringá},
	Author = {Foleiss, J. H. and Assun{\c c}{\~a}o, G. P. and Cruz, E. H. M. da },
	Date-Added = {2009-03-21 10:00:00 +0000},
	Date-Modified = {2009-03-21 10:00:00 +0000},
	Edition = {1},
	Organization = {http://docplayer.com.br/37006644-Scc-um-compilador-c-como-ferramenta-de-ensino-de-compiladores.html},
	Publisher = {Universidade Estadual de Maringá},
	Title = {SCC: Um Compilador C como Ferramenta de Ensino de Compiladores},
	Urlaccessdate = {5 mar 2018},
	Year = {2009}}

@book{juliana2015,
	Address = {Curitiba},
	Author = {Juliana Macedo Burigo},
	Date-Added = {2015-03-21 10:00:00 +0000},
	Date-Modified = {2015-03-21 10:00:00 +0000},
	Edition = {1},
	Organization = {UTP - Universidade Tuiuti do Paraná},
	Publisher = {UTP - Universidade Tuiuti do Paraná},
	Title = {Ambiente de Programação Visual Baseado em Componentes},
	Urlaccessdate = {10 mar 2018},
	Year = {2015}}

@book{laurel1993,
	Address = {New York},
	Author = {Brenda Laurel},
	Date-Added = {1993-03-21 10:00:00 +0000},
	Date-Modified = {1993-03-21 10:00:00 +0000},
	Edition = {2},
	Organization = {Addison-Wesley},
	Publisher = {Addison-Wesley},
	Title = {Computers as Theatre},
	Urlaccessdate = {9 ago 2019},
	Year = {1993}}

@book{norman2002,
	Address = {Rio de Janeiro},
	Author = {Donald A. Norman},
	Date-Added = {2002-03-21 10:00:00 +0000},
	Date-Modified = {2002-03-21 10:00:00 +0000},
	Edition = {1},
	Organization = {Rocco},
	Publisher = {Rocco},
	Title = {O Design do Dia-a-Dia},
	Urlaccessdate = {28 oct 2019},
	Year = {2002}}

@book{diogenes2018,
	Author = {Diógenes Cogo Furlan},
	Date-Added = {2017-04-23 11:34:20 +0000},
	Date-Modified = {2018-04-23 11:34:20 +0000},
	Publisher = {UTP},
	Title = {Regras de Gramática D+},
	Year = {2018}}

@book{ibge1993,
	Address = {Rio de Janeiro},
	Author = {IBGE},
	Date-Added = {2013-08-21 13:56:10 +0000},
	Date-Modified = {2013-08-21 13:56:10 +0000},
	Edition = {3},
	Organization = {http://biblioteca.ibge.gov.br/visualizacao/livros/liv23907.pdf},
	Publisher = {Centro de Documenta{\c c}{\~a}o e Dissemina{\c c}{\~a}o de Informa{\c c}{\~o}es. Funda{\c c}{\~a}o Intituto Brasileiro de Geografia e Estat{\'\i}stica},
	Title = {Normas de Apresenta{\c c}{\~a}o Tabular},
	Urlaccessdate = {21 ago 2013},
	Year = {1993}}

@book{appel1998,
	Address = {Madri},
	Author = {Andrew W. Appel},
	Date-Added = {2013-08-21 13:56:10 +0000},
	Date-Modified = {2013-08-21 13:56:10 +0000},
	Edition = {1},
	Organization = {https://doc.lagout.org/programmation/C/Modern\%20Compiler\%20Implementation\%20in\%20C\%20\%5BAppel\%201997-12-13\%5D.pdf},
	Publisher = { United Kingdom: Cambridge University Press},
	Title = {Maia Modern Compiler Implementation in C},
	Urlaccessdate = {14 nov 2019},
	Year = {1998}}

@book{ricarte2008,
	Address = {Rio de Janeiro},
	Author = {Ivan Ricarte},
	Date-Added = {2019-03-21 10:00:00 +0000},
	Date-Modified = {2019-03-21 10:00:00 +0000},
	Edition = {1},
	Organization = {https://docgo.net/viewdoc.html?utm_source=introducao-a-compilacao-ricarte-2008-pdf},
	Publisher = {Elsevier - Campus},
	Title = {Introdução a Compila{\c c}{\~a}o},
	Urlaccessdate = {20 mar 2019},
	Year = {2008}}

@misc{agni2015,
	Author = {Edu Agni},
	Date-Added = {2015-03-23 21:39:21 +0000},
	Date-Modified = {2015-04-27 22:43:06 +0000},
	Howpublished = {uxdesign},
	Keywords = {uxdesign},
	Title = {Don Norman e Seus Princípios de Design},
	Url = {https://uxdesign.blog.br/don-norman-e-seus-princ\%C3\%ADpios-de-design-fe063669184d},
	Urlaccessdate = {05 nov 2019},
	Year = {2015},
	Bdsk-Url-1 = {https://uxdesign.blog.br/don-norman-e-seus-princ\%C3\%ADpios-de-design-fe063669184d}}

@misc{maragon2015,
	Author = {Johni Douglas Marangon},
	Date-Added = {2015-03-23 21:39:21 +0000},
	Date-Modified = {2015-04-27 22:43:06 +0000},
	Howpublished = {GitBook},
	Keywords = {GitBook},
	Title = {Compiladores para Humanos},
	Url = {https://johnidm.gitbooks.io/compiladores-para-humanos/content/},
	Urlaccessdate = {14 jul 2019},
	Year = {2015},
	Bdsk-Url-1 = {https://johnidm.gitbooks.io/compiladores-para-humanos/content/}}

@misc{ana2012,
	Author = {Ana Paula Santos.},
	Date-Added = {2012-03-23 21:39:21 +0000},
	Date-Modified = {2012-04-27 22:43:06 +0000},
	Howpublished = {TIQx},
	Keywords = {TIQx},
	Title = {A Importância da Interação Humano-Computador},
	Url = {http://tiqx.blogspot.com/2012/02/compreenda-importancia-da-interacao.html},
	Urlaccessdate = {8 ago 2019},
	Year = {2012},
	Bdsk-Url-1 = {http://tiqx.blogspot.com/2012/02/compreenda-importancia-da-interacao.html}}

@misc{ivan2003,
	Author = {Ivan L. M. Ricarte},
	Date-Added = {2003-02-11 21:39:21 +0000},
	Date-Modified = {2003-02-11 22:43:06 +0000},
	Howpublished = {Faculdade de Engenharia Eletrica e de Computação FEEC - UNICAMP},
	Keywords = {estruturada},
	Title = {Programação Estruturada},
	Url = {http://www.dca.fee.unicamp.br/cursos/EA876/apostila/HTML/node7.html},
	Urlaccessdate = {10 nov 2019},
	Year = {2003},
	Bdsk-Url-1 = {http://www.dca.fee.unicamp.br/cursos/EA876/apostila/HTML/node7.html}}

@misc{joao2012,
	Author = {João Marcos de Mattos Barguil},
	Date-Added = {2012-02-11 21:39:21 +0000},
	Date-Modified = {2012-02-11 22:43:06 +0000},
	Howpublished = {Escola Politécnica da Universidade de São Paulo},
	Keywords = {estruturada},
	Title = {Compilador X++},
	Url = {https://sites.google.com/site/2012pcs25086482782/home/a-rvore-sinttica},
	Urlaccessdate = {15 nov 2019},
	Year = {2012},
	Bdsk-Url-1 = {https://sites.google.com/site/2012pcs25086482782/home}}

@misc{susan2005,
	Author = {Susan H. Rodger},
	Date-Added = {2005-06-11 21:39:21 +0000},
	Date-Modified = {2005-06-11 22:43:06 +0000},
	Howpublished = {jflap},
	Keywords = {jflap},
	Title = {JFLAP Version 7.1},
	Url = {http://www.jflap.org/},
	Urlaccessdate = {30 oct 2019},
	Year = {2005},
	Bdsk-Url-1 = {https://jflap.fandom.com/wiki/JFLAP}}

@misc{penelope2019,
	Author = {Penelope Victoria},
	Date-Added = {2019-03-23 21:39:21 +0000},
	Date-Modified = {2019-04-27 22:43:06 +0000},
	Howpublished = {Imasters},
	Keywords = {Imasters},
	Title = {Métodos de Tradução: Interpretador x Compilador},
	Url = {https://imasters.com.br/desenvolvimento/metodos-de-traducao-interpretador-x-compilador},
	Urlaccessdate = {20 mar 2019},
	Year = {2019},
	Bdsk-Url-1 = {https://imasters.com.br/desenvolvimento/metodos-de-traducao-interpretador-x-compilador}}

@book{pedro2018,
	Address = {Rio de Janeiro},
	Author = {Santos, P. R. and Langlois, T. },
	Date-Added = {2018-08-20 13:56:10 +0000},
	Date-Modified = {2018-08-20 13:56:10 +0000},
	Edition = {1},
	Organization = {Próprio},
	Publisher = {LTC},
	Title = {Compiladores da Teoria a Prática},
	Urlaccessdate = {26 jul 2019},
	Year = {2018}}

@book{alfred1995,
	Address = {Rio de Janeiro},
	Author = {Aho, A. V. and Sethi, R. and Ullman, J. D. },
	Date-Added = {2018-08-20 13:56:10 +0000},
	Date-Modified = {2018-08-20 13:56:10 +0000},
	Edition = {1},
	Organization = {Biblioteca UTP},
	Publisher = {Santuário},
	Title = {Compiladores Princípios, Técnicas e Ferramentas},
	Urlaccessdate = {10 mar 2019},
	Year = {1995}}

@misc{abntex2-wiki-como-customizar,
	Author = {Lauro C{\'e}sar Araujo},
	Date-Added = {2013-03-23 21:39:21 +0000},
	Date-Modified = {2015-04-27 22:43:06 +0000},
	Howpublished = {Wiki do abnTeX2},
	Keywords = {wiki},
	Title = {Como Customizar o abnTeX2},
	Url = {https://github.com/abntex/abntex2/wiki/ComoCustomizar},
	Urlaccessdate = {27 abr 2015},
	Year = {2015},
	Bdsk-Url-1 = {https://github.com/abntex/abntex2/wiki/ComoCustomizar}}

@manual{talbot2012,
	Author = {Nicola L.C. Talbot},
	Date-Added = {2013-03-11 12:06:04 +0000},
	Date-Modified = {2013-03-11 12:06:56 +0000},
	Month = {Nov.},
	Title = {User Manual for glossaries.sty},
	Url = {http://mirrors.ctan.org/macros/latex/contrib/glossaries/glossaries-user.pdf},
	Urlaccessdate = {11 mar. 2013},
	Year = {2012},
	Bdsk-Url-1 = {http://mirrors.ctan.org/macros/latex/contrib/glossaries/glossaries-user.pdf}}

@manual{babel,
	Author = {Johannes Braams},
	Date-Added = {2013-02-17 13:37:14 +0000},
	Date-Modified = {2013-02-17 13:38:38 +0000},
	Month = {Apr.},
	Title = {Babel, a multilingual package for use with LATEX's standard document classes},
	Url = {http://mirrors.ctan.org/info/babel/babel.pdf},
	Urlaccessdate = {17 fev. 2013},
	Year = {2008},
	Bdsk-Url-1 = {http://mirrors.ctan.org/info/babel/babel.pdf}}

@manual{abntex2modelo-artigo,
	Annote = {Este documento {\'e} derivado do \cite{abnt-bibtex-doc}},
	Author = {Lauro C{\'e}sar Araujo},
	Date-Added = {2013-01-15 00:10:35 +0000},
	Date-Modified = {2015-04-27 22:43:13 +0000},
	Organization = {Equipe abnTeX2},
	Title = {Modelo Can{\^o}nico de Artigo Cient{\'\i}fico com abnTeX2},
	Url = {http://www.abntex.net.br/},
	Year = {2015},
	Bdsk-Url-1 = {http://www.abntex.net.br/}}

@manual{abntex2modelo-relatorio,
	Annote = {Este documento {\'e} derivado do \cite{abnt-bibtex-doc}},
	Author = {Lauro C{\'e}sar Araujo},
	Date-Added = {2013-01-15 00:05:34 +0000},
	Date-Modified = {2015-04-27 22:43:18 +0000},
	Organization = {Equipe abnTeX2},
	Title = {Modelo Can{\^o}nico de Relat{\'o}rio T{\'e}cnico e/ou Cient{\'\i}fico com abnTeX2},
	Url = {http://www.abntex.net.br/},
	Year = {2015},
	Bdsk-Url-1 = {http://www.abntex.net.br/}}

@manual{abntex2modelo,
	Annote = {Este documento {\'e} derivado do \cite{abnt-bibtex-doc}},
	Author = {Lauro C{\'e}sar Araujo},
	Date-Added = {2013-01-12 22:55:32 +0000},
	Date-Modified = {2015-04-27 22:43:32 +0000},
	Organization = {Equipe abnTeX2},
	Title = {Modelo Can{\^o}nico de Trabalho Acad{\^e}mico com abnTeX2},
	Url = {http://www.abntex.net.br/},
	Year = {2015},
	Bdsk-Url-1 = {http://www.abntex.net.br/}}

@mastersthesis{araujo2012,
	Address = {Bras{\'\i}lia},
	Author = {Lauro C{\'e}sar Araujo},
	Date-Added = {2013-01-09 11:04:42 +0000},
	Date-Modified = {2013-01-09 11:04:42 +0000},
	Month = {mar.},
	School = {Universidade de Bras{\'\i}lia},
	Subtitle = {uma perspectiva de {A}rquitetura da {I}nforma{\c c}{\~a}o da {E}scola de {B}ras{\'\i}lia},
	Title = {Configura{\c c}{\~a}o},
	Year = {2012}}

@manual{memoir,
	Address = {Normandy Park, WA},
	Author = {Peter Wilson and Lars Madsen},
	Date-Added = {2013-01-09 10:37:50 +0000},
	Date-Modified = {2013-03-21 13:23:25 +0000},
	Organization = {The Herries Press},
	Title = {The Memoir Class for Configurable Typesetting - User Guide},
	Url = {http://mirrors.ctan.org/macros/latex/contrib/memoir/memman.pdf},
	Urlaccessdate = {19 dez. 2012},
	Year = {2010},
	Bdsk-Url-1 = {http://ctan.tche.br/macros/latex/contrib/memoir/memman.pdf}}

@manual{abntex2cite-alf,
	Annote = {Este documento {\'e} derivado do \cite{abnt-bibtex-alf-doc}},
	Author = {Lauro C{\'e}sar Araujo},
	Date-Added = {2013-01-09 10:37:45 +0000},
	Date-Modified = {2015-04-27 22:43:44 +0000},
	Organization = {Equipe abnTeX2},
	Title = {O pacote abntex2cite: t{\'o}picos espec{\'\i}ficos da ABNT NBR 10520:2002 e o estilo bibliogr{\'a}fico alfab{\'e}tico (sistema autor-data)},
	Url = {http://www.abntex.net.br/},
	Year = {2015},
	Bdsk-Url-1 = {http://www.abntex.net.br/}}

@manual{abntex2cite,
	Annote = {Este documento {\'e} derivado do \cite{abnt-bibtex-doc}},
	Author = {Lauro C{\'e}sar Araujo},
	Date-Added = {2013-01-09 10:37:45 +0000},
	Date-Modified = {2015-04-27 22:43:38 +0000},
	Organization = {Equipe abnTeX2},
	Title = {O pacote abntex2cite: Estilos bibliogr{\'a}ficos compat{\'\i}veis com a ABNT NBR 6023},
	Url = {http://www.abntex.net.br/},
	Year = {2015},
	Bdsk-Url-1 = {http://www.abntex.net.br/}}

@manual{abntex2classe,
	Author = {Lauro C{\'e}sar Araujo},
	Date-Added = {2013-01-09 10:37:38 +0000},
	Date-Modified = {2015-04-27 22:42:47 +0000},
	Organization = {Equipe abnTeX2},
	Title = {A classe abntex2: Modelo can{\^o}nico de trabalhos acad{\^e}micos brasileiros compat{\'\i}vel com as normas ABNT NBR 14724:2011, ABNT NBR 6024:2012 e outras},
	Url = {http://www.abntex.net.br/},
	Year = {2015},
	Bdsk-Url-1 = {http://www.abntex.net.br/}}

@manual{NBR10520:2002,
	Address = {Rio de Janeiro},
	Date-Added = {2012-12-15 21:43:38 +0000},
	Date-Modified = {2013-01-12 22:17:20 +0000},
	Month = {ago.},
	Org-Short = {ABNT},
	Organization = {Associa{\c c}\~ao Brasileira de Normas T\'ecnicas},
	Pages = 7,
	Subtitle = {Informa{\c c}\~ao e documenta{\c c}\~ao --- Apresenta{\c c}\~ao de cita{\c c}\~oes em documentos},
	Title = {{NBR} 10520},
	Year = 2002}

@manual{NBR6024:2012,
	Address = {Rio de Janeiro},
	Date-Added = {2012-12-15 21:24:06 +0000},
	Date-Modified = {2012-12-15 21:24:28 +0000},
	Month = {fev.},
	Org-Short = {ABNT},
	Organization = {Associa{\c c}\~ao Brasileira de Normas T\'ecnicas},
	Pages = 4,
	Subtitle = {Numera{\c c}\~ao progressiva das se{\c c}\~oes de um documento},
	Title = {{NBR} 6024},
	Year = 2012}

@manual{NBR6028:2003,
	Address = {Rio de Janeiro},
	Date-Added = {2012-12-15 21:02:12 +0000},
	Date-Modified = {2012-12-15 21:02:50 +0000},
	Month = {nov.},
	Org-Short = {ABNT},
	Organization = {Associa{\c c}\~ao Brasileira de Normas T\'ecnicas},
	Pages = 2,
	Subtitle = {Resumo - Apresenta{\c c}{\~a}o},
	Title = {{NBR} 6028},
	Year = 2003}

@manual{NBR14724:2001,
	Address = {Rio de Janeiro},
	Date-Added = {2012-12-15 20:34:08 +0000},
	Date-Modified = {2012-12-15 20:34:08 +0000},
	Month = {jul.},
	Org-Short = {ABNT},
	Organization = {Associa{\c c}\~ao Brasileira de Normas T\'ecnicas},
	Pages = 6,
	Subtitle = {Informa{\c c}\~ao e documenta{\c c}\~ao --- trabalhos acad\^emicos --- apresenta{\c c}\~ao},
	Title = {{NBR} 14724},
	Year = 2001}

@manual{NBR14724:2002,
	Address = {Rio de Janeiro},
	Date-Added = {2012-12-15 20:34:17 +0000},
	Date-Modified = {2012-12-15 20:34:17 +0000},
	Month = {ago.},
	Org-Short = {ABNT},
	Organization = {Associa{\c c}\~ao Brasileira de Normas T\'ecnicas},
	Pages = 6,
	Subtitle = {Informa{\c c}\~ao e documenta{\c c}\~ao --- trabalhos acad\^emicos --- apresenta{\c c}\~ao},
	Title = {{NBR} 14724},
	Year = 2002}

@manual{NBR14724:2005,
	Address = {Rio de Janeiro},
	Date-Added = {2012-12-15 20:34:08 +0000},
	Date-Modified = {2012-12-15 20:35:25 +0000},
	Month = {dez.},
	Org-Short = {ABNT},
	Organization = {Associa{\c c}\~ao Brasileira de Normas T\'ecnicas},
	Pages = 9,
	Subtitle = {Informa{\c c}\~ao e documenta{\c c}\~ao --- trabalhos acad\^emicos --- apresenta{\c c}\~ao},
	Title = {{NBR} 14724},
	Year = 2005}

@manual{NBR14724:2011,
	Address = {Rio de Janeiro},
	Date-Added = {2012-12-15 20:34:08 +0000},
	Date-Modified = {2012-12-15 20:35:25 +0000},
	Month = {mar.},
	Note = {Substitui a Ref.~\citeonline{NBR14724:2005}},
	Org-Short = {ABNT},
	Organization = {Associa{\c c}\~ao Brasileira de Normas T\'ecnicas},
	Pages = 15,
	Subtitle = {Informa{\c c}\~ao e documenta{\c c}\~ao --- trabalhos acad\^emicos --- apresenta{\c c}\~ao},
	Title = {{NBR} 14724},
	Year = 2011}

@article{van86,
	Author = {{van}, Gigch, John P. and Leo L. Pipino},
	Journal = {Future Computing Systems},
	Number = {1},
	Pages = {71-97},
	Title = {In search for a paradigm for the discipline of information systems},
	Volume = {1},
	Year = {1986}}

@phdthesis{guizzardi2005,
	Address = {Enschede, The Netherlands},
	Author = {Giancarlo Guizzardi},
	Date-Added = {2012-04-23 11:35:28 +0000},
	Date-Modified = {2012-04-23 11:35:28 +0000},
	School = {Centre for Telematics and Information Technology, University of Twente},
	Title = {Ontological Foundations for Structural Conceptual Models},
	Url = {http://www.loa.istc.cnr.it/Guizzardi/SELMAS-CR.pdf},
	Urlaccessdate = {3 jul. 2011},
	Year = {2005},
	Bdsk-Url-1 = {http://www.loa.istc.cnr.it/Guizzardi/SELMAS-CR.pdf}}

@mastersthesis{macedo2005,
	Author = {Fl{\'a}via L. Macedo},
	Date-Added = {2012-04-23 11:35:13 +0000},
	Date-Modified = {2012-04-23 11:35:13 +0000},
	Keywords = {arquitetura da informa{\c c}{\~a}o},
	School = {Universidade de Bras{\'\i}lia},
	Title = {Arquitetura da Informa{\c c}{\~a}o: aspectos espistemol{\'o}gicos, cient{\'\i}ficos e pr{\'a}ticos.},
	Type = {Disserta{\c c}{\~a}o de Mestrado},
	Year = {2005}}

@manual{EIA649B,
	Address = {EUA},
	Date-Added = {2012-04-23 11:34:59 +0000},
	Date-Modified = {2012-04-23 11:34:59 +0000},
	Keywords = {norma},
	Month = {June},
	Organization = {TechAmerica},
	Title = {ANSI/EIA 649-B: Configuration Management Standard},
	Year = {2011}}

@inproceedings{masolo2010,
	Author = {Claudio Masolo},
	Booktitle = {Proceedings of the Twelfth International Conference on the Principles of Knowledge Representation and Reasoning (KR 2010)},
	Date-Added = {2012-04-23 11:34:38 +0000},
	Date-Modified = {2012-04-23 11:34:38 +0000},
	Editor = {Lin, F. and Sattler, U.},
	Pages = {258-268},
	Publisher = {AAAI Press},
	Title = {Understanding Ontological Levels},
	Url = {http://wiki.loa-cnr.it/Papers/kr10v0.7.pdf},
	Urlaccessdate = {2 jan. 2012},
	Year = {2010},
	Bdsk-Url-1 = {http://wiki.loa-cnr.it/Papers/kr10v0.7.pdf}}

@inbook{guarino1995,
	Address = {Vienna},
	Author = {Nicola Guarino},
	Booktitle = {Philosophy and the Cognitive Science},
	Date-Added = {2012-04-23 11:34:29 +0000},
	Date-Modified = {2012-04-23 11:34:29 +0000},
	Editor = {R. Casati and B. Smith and G. White},
	Month = {Sept.},
	Pages = {443-456},
	Publisher = {Holder-Pivhler-Tempsky},
	Title = {The Ontological Level},
	Url = {http://wiki.loa-cnr.it/Papers/OntLev.pdf},
	Urlaccessdate = {2 jan. 2012},
	Year = {1995},
	Bdsk-Url-1 = {http://wiki.loa-cnr.it/Papers/OntLev.pdf}}

@incollection{bates2010,
	Address = {New York},
	Author = {Marcia J. Bates},
	Booktitle = {Encyclopedia of Library and Information Sciences},
	Date-Added = {2012-04-23 11:34:29 +0000},
	Date-Modified = {2012-04-23 11:34:29 +0000},
	Edition = {3rd},
	Editor = {Marcia J. Bates and Mary Niles Maack},
	Pages = {2347-2360},
	Publisher = {CRC Press},
	Title = {Information},
	Url = {http://pages.gseis.ucla.edu/faculty/bates/articles/information.html},
	Urlaccessdate = {24 out. 2011},
	Volume = {3},
	Year = {2010},
	Bdsk-Url-1 = {http://pages.gseis.ucla.edu/faculty/bates/articles/information.html}}

@book{doxiadis1965,
	Author = {Constantinos A. Doxiadis},
	Date-Added = {2012-04-23 11:34:20 +0000},
	Date-Modified = {2012-04-23 11:34:20 +0000},
	Publisher = {Ceira - Coimbra},
	Title = {Arquitetura em Transi{\c c}{\~a}o},
	Year = {1965}}

@book{dewey1980,
	Address = {New York, NY, USA},
	Author = {John Dewey},
	Date-Added = {2012-04-23 11:34:16 +0000},
	Date-Modified = {2012-04-23 11:34:16 +0000},
	Publisher = {Perigee Books},
	Title = {Art as Experience},
	Year = {1980}}
